<?xml version="1.0" encoding="UTF-8"?>
<searchRetrieveResponse xmlns="http://www.loc.gov/zing/srw/"
                        xmlns:diag="http://www.loc.gov/zing/srw/diagnostic/">
    <version>1.1</version>
    <numberOfRecords>23</numberOfRecords>
    <resultSetId>1</resultSetId>
    <resultSetIdleTime>5000</resultSetIdleTime>
    <records>
        <record>
            <recordSchema>MARC21-xml</recordSchema>
            <recordPacking>xml</recordPacking>
            <recordData>
                <slim:record xmlns:slim="http://www.loc.gov/MARC21/slim" type="Bibliographic">
                    <slim:leader>00697nas a2200229 c 4500</slim:leader>
                    <slim:controlfield tag="001">105225165X</slim:controlfield>
                    <slim:controlfield tag="003">DE-101</slim:controlfield>
                    <slim:controlfield tag="005">20140619091529.0</slim:controlfield>
                    <slim:controlfield tag="007">tu</slim:controlfield>
                    <slim:controlfield tag="008">140617c20129999xx u||p|  ||| 0||||0eng c</slim:controlfield>
                    <slim:datafield tag="016" ind1="7" ind2=" ">
                        <slim:subfield code="2">DE-101</slim:subfield>
                        <slim:subfield code="a">105225165X</slim:subfield>
                    </slim:datafield>
                    <slim:datafield tag="016" ind1="7" ind2=" ">
                        <slim:subfield code="2">DE-600</slim:subfield>
                        <slim:subfield code="a">2774737-2</slim:subfield>
                    </slim:datafield>
                    <slim:datafield tag="022" ind1=" " ind2=" ">
                        <slim:subfield code="a">2226-4701</slim:subfield>
                    </slim:datafield>
                    <slim:datafield tag="035" ind1=" " ind2=" ">
                        <slim:subfield code="a">(DE-599)ZDB2774737-2</slim:subfield>
                    </slim:datafield>
                    <slim:datafield tag="040" ind1=" " ind2=" ">
                        <slim:subfield code="a">0188</slim:subfield>
                        <slim:subfield code="b">ger</slim:subfield>
                        <slim:subfield code="c">DE-101</slim:subfield>
                        <slim:subfield code="d">0188</slim:subfield>
                    </slim:datafield>
                    <slim:datafield tag="041" ind1=" " ind2=" ">
                        <slim:subfield code="a">eng</slim:subfield>
                    </slim:datafield>
                    <slim:datafield tag="044" ind1=" " ind2=" ">
                        <slim:subfield code="c">XA-RU</slim:subfield>
                    </slim:datafield>
                    <slim:datafield tag="082" ind1="7" ind2="4">
                        <slim:subfield code="a">580</slim:subfield>
                        <slim:subfield code="q">DE-600</slim:subfield>
                        <slim:subfield code="2">23sdnb</slim:subfield>
                    </slim:datafield>
                    <slim:datafield tag="084" ind1=" " ind2=" ">
                        <slim:subfield code="a">580</slim:subfield>
                        <slim:subfield code="q">DE-600</slim:subfield>
                        <slim:subfield code="2">sdnb</slim:subfield>
                    </slim:datafield>
                    <slim:datafield tag="245" ind1="1" ind2="0">
                        <slim:subfield code="a">Botanica Pacifica</slim:subfield>
                        <slim:subfield code="b">a journal of plant science and conservation</slim:subfield>
                        <slim:subfield code="c">Botanical Garden-Institute FEB RAS ; Institute of Biology and Soil Science FEB RAS</slim:subfield>
                    </slim:datafield>
                    <slim:datafield tag="260" ind1="3" ind2=" ">
                        <slim:subfield code="a">Vladivostok</slim:subfield>
                        <slim:subfield code="b">Botanical Garden-Inst. FEB RAS</slim:subfield>
                    </slim:datafield>
                    <slim:datafield tag="362" ind1="0" ind2=" ">
                        <slim:subfield code="a">1.2012 -</slim:subfield>
                    </slim:datafield>
                </slim:record>
            </recordData>
            <recordPosition>1</recordPosition>
        </record>