
        <record>
            <recordSchema>MARC21-xml</recordSchema>
            <recordPacking>xml</recordPacking>
            <recordData>
                <slim:record xmlns:slim="http://www.loc.gov/MARC21/slim" type="Bibliographic">
                    <slim:leader>01222nas a2200373 c 4500</slim:leader>
                    <slim:controlfield tag="001">98815479X</slim:controlfield>
                    <slim:controlfield tag="003">DE-101</slim:controlfield>
                    <slim:controlfield tag="005">20131023080746.0</slim:controlfield>
                    <slim:controlfield tag="007">cr||||||||||||</slim:controlfield>
                    <slim:controlfield tag="008">080404c20099999xxuu||p|o ||| 0||||0eng c</slim:controlfield>
                    <slim:datafield tag="016" ind1="7" ind2=" ">
                        <slim:subfield code="2">DE-101</slim:subfield>
                        <slim:subfield code="a">98815479X</slim:subfield>
                    </slim:datafield>
                    <slim:datafield tag="016" ind1="7" ind2=" ">
                        <slim:subfield code="2">DE-600</slim:subfield>
                        <slim:subfield code="a">2419232-6</slim:subfield>
                    </slim:datafield>
                    <slim:datafield tag="024" ind1="8" ind2=" ">
                        <slim:subfield code="a">eb50896883</slim:subfield>
                    </slim:datafield>
                    <slim:datafield tag="029" ind1="a" ind2="d">
                        <slim:subfield code="a">1819-3498</slim:subfield>
                    </slim:datafield>
                    <slim:datafield tag="035" ind1=" " ind2=" ">
                        <slim:subfield code="a">(DE-599)ZDB2419232-6</slim:subfield>
                    </slim:datafield>
                    <slim:datafield tag="035" ind1=" " ind2=" ">
                        <slim:subfield code="a">(OCoLC)644251209</slim:subfield>
                    </slim:datafield>
                    <slim:datafield tag="040" ind1=" " ind2=" ">
                        <slim:subfield code="a">8999</slim:subfield>
                        <slim:subfield code="b">ger</slim:subfield>
                        <slim:subfield code="c">DE-101</slim:subfield>
                        <slim:subfield code="d">9999</slim:subfield>
                    </slim:datafield>
                    <slim:datafield tag="041" ind1=" " ind2=" ">
                        <slim:subfield code="a">eng</slim:subfield>
                    </slim:datafield>
                    <slim:datafield tag="044" ind1=" " ind2=" ">
                        <slim:subfield code="c">XD-US</slim:subfield>
                        <slim:subfield code="c">XB-IN</slim:subfield>
                    </slim:datafield>
                    <slim:datafield tag="082" ind1="7" ind2="4">
                        <slim:subfield code="a">550</slim:subfield>
                        <slim:subfield code="q">DE-600</slim:subfield>
                        <slim:subfield code="2">22sdnb</slim:subfield>
                    </slim:datafield>
                    <slim:datafield tag="084" ind1=" " ind2=" ">
                        <slim:subfield code="a">550</slim:subfield>
                        <slim:subfield code="q">DE-600</slim:subfield>
                        <slim:subfield code="2">sdnb</slim:subfield>
                    </slim:datafield>
                    <slim:datafield tag="090" ind1=" " ind2=" ">
                        <slim:subfield code="n">ag</slim:subfield>
                    </slim:datafield>
                    <slim:datafield tag="245" ind1="1" ind2="0">
                        <slim:subfield code="a">Research journal of soil biology</slim:subfield>
                        <slim:subfield code="h">Elektronische Ressource</slim:subfield>
                        <slim:subfield code="b">RJSB</slim:subfield>
                    </slim:datafield>
                    <slim:datafield tag="246" ind1="1" ind2="3">
                        <slim:subfield code="a">RJSB</slim:subfield>
                    </slim:datafield>
                    <slim:datafield tag="247" ind1="0" ind2="0">
                        <slim:subfield code="g">Gesehen am 04.01.12</slim:subfield>
                    </slim:datafield>
                    <slim:datafield tag="260" ind1="3" ind2=" ">
                        <slim:subfield code="a">[S.l.]</slim:subfield>
                        <slim:subfield code="b">Academic Journals</slim:subfield>
                        <slim:subfield code="a">Mumbai</slim:subfield>
                        <slim:subfield code="b">Asian Network for Scientific Information</slim:subfield>
                    </slim:datafield>
                    <slim:datafield tag="300" ind1=" " ind2=" ">
                        <slim:subfield code="a">Online-Ressource</slim:subfield>
                    </slim:datafield>
                    <slim:datafield tag="362" ind1="0" ind2=" ">
                        <slim:subfield code="a">1.2009 -</slim:subfield>
                    </slim:datafield>
                    <slim:datafield tag="650" ind1=" " ind2="7">
                        <slim:subfield code="0">(DE-588)4007358-0</slim:subfield>
                        <slim:subfield code="0">(DE-101)040073580</slim:subfield>
                        <slim:subfield code="a">Bodenbiologie</slim:subfield>
                        <slim:subfield code="2">gnd</slim:subfield>
                    </slim:datafield>
                    <slim:datafield tag="689" ind1="0" ind2="0">
                        <slim:subfield code="0">(DE-588)4007358-0</slim:subfield>
                        <slim:subfield code="0">(DE-101)040073580</slim:subfield>
                        <slim:subfield code="D">s</slim:subfield>
                        <slim:subfield code="a">Bodenbiologie</slim:subfield>
                    </slim:datafield>
                    <slim:datafield tag="689" ind1="0" ind2=" ">
                        <slim:subfield code="5">DE-600</slim:subfield>
                        <slim:subfield code="5">DE-600</slim:subfield>
                    </slim:datafield>
                    <slim:datafield tag="856" ind1="4" ind2=" ">
                        <slim:subfield code="u">http://www.bibliothek.uni-regensburg.de/ezeit/?2419232</slim:subfield>
                        <slim:subfield code="x">EZB</slim:subfield>
                    </slim:datafield>
                    <slim:datafield tag="856" ind1="4" ind2=" ">
                        <slim:subfield code="u">http://scialert.net/jindex.php?issn=1819-3498</slim:subfield>
                        <slim:subfield code="x">Verlag</slim:subfield>
                        <slim:subfield code="z">kostenfrei</slim:subfield>
                    </slim:datafield>
                    <slim:datafield tag="856" ind1="4" ind2=" ">
                        <slim:subfield code="u">http://search.ebscohost.com/</slim:subfield>
                        <slim:subfield code="x">Aggregator</slim:subfield>
                    </slim:datafield>
                </slim:record>
            </recordData>
            <recordPosition>2</recordPosition>
        </record>