
        <record>
            <recordSchema>MARC21-xml</recordSchema>
            <recordPacking>xml</recordPacking>
            <recordData>
                <slim:record xmlns:slim="http://www.loc.gov/MARC21/slim" type="Bibliographic">
                    <slim:leader>01300nas a2200445 c 4500</slim:leader>
                    <slim:controlfield tag="001">985542926</slim:controlfield>
                    <slim:controlfield tag="003">DE-101</slim:controlfield>
                    <slim:controlfield tag="005">20131125111708.0</slim:controlfield>
                    <slim:controlfield tag="007">cr||||||||||||</slim:controlfield>
                    <slim:controlfield tag="008">070831c20049999gw z||m|o ||| 0||||0eng c</slim:controlfield>
                    <slim:datafield tag="015" ind1=" " ind2=" ">
                        <slim:subfield code="a">07,A41,1051</slim:subfield>
                        <slim:subfield code="2">dnb</slim:subfield>
                    </slim:datafield>
                    <slim:datafield tag="016" ind1="7" ind2=" ">
                        <slim:subfield code="2">DE-101</slim:subfield>
                        <slim:subfield code="a">985542926</slim:subfield>
                    </slim:datafield>
                    <slim:datafield tag="016" ind1="7" ind2=" ">
                        <slim:subfield code="2">DE-600</slim:subfield>
                        <slim:subfield code="a">2385527-7</slim:subfield>
                    </slim:datafield>
                    <slim:datafield tag="022" ind1=" " ind2=" ">
                        <slim:subfield code="a">1613-3382</slim:subfield>
                    </slim:datafield>
                    <slim:datafield tag="022" ind1=" " ind2=" ">
                        <slim:subfield code="a">2196-4831</slim:subfield>
                    </slim:datafield>
                    <slim:datafield tag="029" ind1="a" ind2="d">
                        <slim:subfield code="a">1613-3382</slim:subfield>
                    </slim:datafield>
                    <slim:datafield tag="035" ind1=" " ind2=" ">
                        <slim:subfield code="a">(DE-599)ZDB2385527-7</slim:subfield>
                    </slim:datafield>
                    <slim:datafield tag="035" ind1=" " ind2=" ">
                        <slim:subfield code="a">(OCoLC)723788084</slim:subfield>
                    </slim:datafield>
                    <slim:datafield tag="040" ind1=" " ind2=" ">
                        <slim:subfield code="a">1240</slim:subfield>
                        <slim:subfield code="b">ger</slim:subfield>
                        <slim:subfield code="c">DE-101</slim:subfield>
                        <slim:subfield code="d">0703</slim:subfield>
                    </slim:datafield>
                    <slim:datafield tag="041" ind1=" " ind2=" ">
                        <slim:subfield code="a">eng</slim:subfield>
                    </slim:datafield>
                    <slim:datafield tag="044" ind1=" " ind2=" ">
                        <slim:subfield code="c">XA-DE</slim:subfield>
                    </slim:datafield>
                    <slim:datafield tag="082" ind1="7" ind2="4">
                        <slim:subfield code="a">630</slim:subfield>
                        <slim:subfield code="a">570</slim:subfield>
                        <slim:subfield code="q">DE-101</slim:subfield>
                        <slim:subfield code="2">22sdnb</slim:subfield>
                    </slim:datafield>
                    <slim:datafield tag="083" ind1="7" ind2=" ">
                        <slim:subfield code="a">570</slim:subfield>
                        <slim:subfield code="q">DE-600</slim:subfield>
                        <slim:subfield code="2">22sdnb</slim:subfield>
                    </slim:datafield>
                    <slim:datafield tag="084" ind1=" " ind2=" ">
                        <slim:subfield code="a">630</slim:subfield>
                        <slim:subfield code="a">570</slim:subfield>
                        <slim:subfield code="q">DE-101</slim:subfield>
                        <slim:subfield code="2">sdnb</slim:subfield>
                    </slim:datafield>
                    <slim:datafield tag="084" ind1=" " ind2=" ">
                        <slim:subfield code="a">570</slim:subfield>
                        <slim:subfield code="q">DE-600</slim:subfield>
                        <slim:subfield code="2">sdnb</slim:subfield>
                    </slim:datafield>
                    <slim:datafield tag="090" ind1=" " ind2=" ">
                        <slim:subfield code="n">la</slim:subfield>
                    </slim:datafield>
                    <slim:datafield tag="245" ind1="1" ind2="0">
                        <slim:subfield code="a">Soil biology</slim:subfield>
                        <slim:subfield code="h">Elektronische Ressource</slim:subfield>
                    </slim:datafield>
                    <slim:datafield tag="247" ind1="0" ind2="0">
                        <slim:subfield code="g">Gesehen am 28.10.13</slim:subfield>
                    </slim:datafield>
                    <slim:datafield tag="247" ind1="0" ind2="0">
                        <slim:subfield code="g">Gesehen am 12.12.07</slim:subfield>
                    </slim:datafield>
                    <slim:datafield tag="260" ind1="3" ind2=" ">
                        <slim:subfield code="a">Berlin</slim:subfield>
                        <slim:subfield code="a">Heidelberg</slim:subfield>
                        <slim:subfield code="b">Springer</slim:subfield>
                    </slim:datafield>
                    <slim:datafield tag="300" ind1=" " ind2=" ">
                        <slim:subfield code="a">Online-Ressource</slim:subfield>
                    </slim:datafield>
                    <slim:datafield tag="362" ind1="0" ind2=" ">
                        <slim:subfield code="a">1.2004 -</slim:subfield>
                    </slim:datafield>
                    <slim:datafield tag="363" ind1="0" ind2="1">
                        <slim:subfield code="8">1.1\x</slim:subfield>
                        <slim:subfield code="a">1</slim:subfield>
                        <slim:subfield code="i">2004</slim:subfield>
                    </slim:datafield>
                    <slim:datafield tag="515" ind1=" " ind2=" ">
                        <slim:subfield code="a">Ersch. unregelma¨ßig</slim:subfield>
                    </slim:datafield>
                    <slim:datafield tag="583" ind1="1" ind2=" ">
                        <slim:subfield code="a">Langzeitarchivierung gewa¨hrleistet : durch die Deutsche Nationalbibliothek</slim:subfield>
                        <slim:subfield code="i">LZA</slim:subfield>
                    </slim:datafield>
                    <slim:datafield tag="591" ind1=" " ind2=" ">
                        <slim:subfield code="a">C!URL-A¨(28-10-13)</slim:subfield>
                    </slim:datafield>
                    <slim:datafield tag="775" ind1="0" ind2="8">
                        <slim:subfield code="i">Druckausg.</slim:subfield>
                        <slim:subfield code="t">Soil biology</slim:subfield>
                        <slim:subfield code="w">(DE-600)2151755-1</slim:subfield>
                        <slim:subfield code="w">(DE-101)026210169</slim:subfield>
                    </slim:datafield>
                    <slim:datafield tag="856" ind1="4" ind2=" ">
                        <slim:subfield code="u">http://link.springer.com/bookseries/5138</slim:subfield>
                        <slim:subfield code="x">Verlag</slim:subfield>
                    </slim:datafield>
                    <slim:datafield tag="925" ind1="r" ind2=" ">
                        <slim:subfield code="a">ra</slim:subfield>
                    </slim:datafield>
                    <slim:datafield tag="931" ind1=" " ind2=" ">
                        <slim:subfield code="a">13-10-28</slim:subfield>
                        <slim:subfield code="b">g</slim:subfield>
                    </slim:datafield>
                </slim:record>
            </recordData>
            <recordPosition>3</recordPosition>
        </record>