
        <record>
            <recordSchema>MARC21-xml</recordSchema>
            <recordPacking>xml</recordPacking>
            <recordData>
                <slim:record xmlns:slim="http://www.loc.gov/MARC21/slim" type="Bibliographic">
                    <slim:leader>01243nas a2200409 c 4500</slim:leader>
                    <slim:controlfield tag="001">026210169</slim:controlfield>
                    <slim:controlfield tag="003">DE-101</slim:controlfield>
                    <slim:controlfield tag="005">20130424110635.0</slim:controlfield>
                    <slim:controlfield tag="007">tu</slim:controlfield>
                    <slim:controlfield tag="008">040715c20049999gw z||m|  ||| 0||||0eng c</slim:controlfield>
                    <slim:datafield tag="015" ind1=" " ind2=" ">
                        <slim:subfield code="a">07,A27,0707</slim:subfield>
                        <slim:subfield code="2">dnb</slim:subfield>
                    </slim:datafield>
                    <slim:datafield tag="016" ind1="7" ind2=" ">
                        <slim:subfield code="2">DE-101</slim:subfield>
                        <slim:subfield code="a">026210169</slim:subfield>
                    </slim:datafield>
                    <slim:datafield tag="016" ind1="7" ind2=" ">
                        <slim:subfield code="2">DE-600</slim:subfield>
                        <slim:subfield code="a">2151755-1</slim:subfield>
                    </slim:datafield>
                    <slim:datafield tag="022" ind1=" " ind2=" ">
                        <slim:subfield code="a">1613-3382</slim:subfield>
                    </slim:datafield>
                    <slim:datafield tag="022" ind1=" " ind2=" ">
                        <slim:subfield code="a">1613-3382 = Soil biology (Berlin. Print)</slim:subfield>
                        <slim:subfield code="2">6</slim:subfield>
                    </slim:datafield>
                    <slim:datafield tag="029" ind1="a" ind2="a">
                        <slim:subfield code="a">1613-3382 = Soil biology (Berlin. Print)</slim:subfield>
                    </slim:datafield>
                    <slim:datafield tag="035" ind1=" " ind2=" ">
                        <slim:subfield code="a">(DE-599)ZDB2151755-1</slim:subfield>
                    </slim:datafield>
                    <slim:datafield tag="035" ind1=" " ind2=" ">
                        <slim:subfield code="a">(OCoLC)609939522</slim:subfield>
                    </slim:datafield>
                    <slim:datafield tag="040" ind1=" " ind2=" ">
                        <slim:subfield code="a">0028</slim:subfield>
                        <slim:subfield code="b">ger</slim:subfield>
                        <slim:subfield code="c">DE-101</slim:subfield>
                        <slim:subfield code="d">1241</slim:subfield>
                    </slim:datafield>
                    <slim:datafield tag="041" ind1=" " ind2=" ">
                        <slim:subfield code="a">eng</slim:subfield>
                    </slim:datafield>
                    <slim:datafield tag="044" ind1=" " ind2=" ">
                        <slim:subfield code="c">XA-DE</slim:subfield>
                    </slim:datafield>
                    <slim:datafield tag="082" ind1="7" ind2="4">
                        <slim:subfield code="a">630</slim:subfield>
                        <slim:subfield code="a">570</slim:subfield>
                        <slim:subfield code="q">DE-101</slim:subfield>
                        <slim:subfield code="2">22sdnb</slim:subfield>
                    </slim:datafield>
                    <slim:datafield tag="083" ind1="7" ind2=" ">
                        <slim:subfield code="a">570</slim:subfield>
                        <slim:subfield code="q">DE-600</slim:subfield>
                        <slim:subfield code="2">22sdnb</slim:subfield>
                    </slim:datafield>
                    <slim:datafield tag="084" ind1=" " ind2=" ">
                        <slim:subfield code="a">630</slim:subfield>
                        <slim:subfield code="a">570</slim:subfield>
                        <slim:subfield code="q">DE-101</slim:subfield>
                        <slim:subfield code="2">sdnb</slim:subfield>
                    </slim:datafield>
                    <slim:datafield tag="084" ind1=" " ind2=" ">
                        <slim:subfield code="a">570</slim:subfield>
                        <slim:subfield code="q">DE-600</slim:subfield>
                        <slim:subfield code="2">sdnb</slim:subfield>
                    </slim:datafield>
                    <slim:datafield tag="222" ind1=" " ind2="0">
                        <slim:subfield code="a">Soil biology</slim:subfield>
                        <slim:subfield code="b">Berlin. Print</slim:subfield>
                    </slim:datafield>
                    <slim:datafield tag="245" ind1="1" ind2="0">
                        <slim:subfield code="a">Soil biology</slim:subfield>
                    </slim:datafield>
                    <slim:datafield tag="260" ind1="3" ind2=" ">
                        <slim:subfield code="a">Berlin</slim:subfield>
                        <slim:subfield code="a">Heidelberg</slim:subfield>
                        <slim:subfield code="a">New York, NY</slim:subfield>
                        <slim:subfield code="b">Springer</slim:subfield>
                    </slim:datafield>
                    <slim:datafield tag="362" ind1="0" ind2=" ">
                        <slim:subfield code="a">1.2004 -</slim:subfield>
                    </slim:datafield>
                    <slim:datafield tag="363" ind1="0" ind2="1">
                        <slim:subfield code="8">1.1\x</slim:subfield>
                        <slim:subfield code="i">2004</slim:subfield>
                    </slim:datafield>
                    <slim:datafield tag="515" ind1=" " ind2=" ">
                        <slim:subfield code="a">Ersch. unregelma¨ßig</slim:subfield>
                    </slim:datafield>
                    <slim:datafield tag="650" ind1=" " ind2="7">
                        <slim:subfield code="0">(DE-588)4007358-0</slim:subfield>
                        <slim:subfield code="0">(DE-101)040073580</slim:subfield>
                        <slim:subfield code="a">Bodenbiologie</slim:subfield>
                        <slim:subfield code="2">gnd</slim:subfield>
                    </slim:datafield>
                    <slim:datafield tag="689" ind1="0" ind2="0">
                        <slim:subfield code="0">(DE-588)4007358-0</slim:subfield>
                        <slim:subfield code="0">(DE-101)040073580</slim:subfield>
                        <slim:subfield code="D">s</slim:subfield>
                        <slim:subfield code="a">Bodenbiologie</slim:subfield>
                    </slim:datafield>
                    <slim:datafield tag="689" ind1="0" ind2=" ">
                        <slim:subfield code="5">DE-600</slim:subfield>
                        <slim:subfield code="5">DE-600</slim:subfield>
                    </slim:datafield>
                    <slim:datafield tag="775" ind1="0" ind2="8">
                        <slim:subfield code="i">Online-Ausg.</slim:subfield>
                        <slim:subfield code="t">Soil biology</slim:subfield>
                        <slim:subfield code="w">(DE-600)2385527-7</slim:subfield>
                        <slim:subfield code="w">(DE-101)985542926</slim:subfield>
                    </slim:datafield>
                    <slim:datafield tag="889" ind1=" " ind2=" ">
                        <slim:subfield code="w">(DE-101)971862451</slim:subfield>
                    </slim:datafield>
                    <slim:datafield tag="925" ind1="r" ind2=" ">
                        <slim:subfield code="a">ra</slim:subfield>
                    </slim:datafield>
                </slim:record>
            </recordData>
            <recordPosition>4</recordPosition>
        </record>