
        <record>
            <recordSchema>MARC21-xml</recordSchema>
            <recordPacking>xml</recordPacking>
            <recordData>
                <slim:record xmlns:slim="http://www.loc.gov/MARC21/slim" type="Bibliographic">
                    <slim:leader>00801nas a2200229 c 4500</slim:leader>
                    <slim:controlfield tag="001">1014329647</slim:controlfield>
                    <slim:controlfield tag="003">DE-101</slim:controlfield>
                    <slim:controlfield tag="005">20110815135633.0</slim:controlfield>
                    <slim:controlfield tag="007">tu</slim:controlfield>
                    <slim:controlfield tag="008">110815c20009999|||u||m|  ||| 0||||0rus c</slim:controlfield>
                    <slim:datafield tag="016" ind1="7" ind2=" ">
                        <slim:subfield code="2">DE-101</slim:subfield>
                        <slim:subfield code="a">1014329647</slim:subfield>
                    </slim:datafield>
                    <slim:datafield tag="016" ind1="7" ind2=" ">
                        <slim:subfield code="2">DE-600</slim:subfield>
                        <slim:subfield code="a">2623516-X</slim:subfield>
                    </slim:datafield>
                    <slim:datafield tag="035" ind1=" " ind2=" ">
                        <slim:subfield code="a">(DE-599)ZDB2623516-X</slim:subfield>
                    </slim:datafield>
                    <slim:datafield tag="040" ind1=" " ind2=" ">
                        <slim:subfield code="a">6999</slim:subfield>
                        <slim:subfield code="b">ger</slim:subfield>
                        <slim:subfield code="c">DE-101</slim:subfield>
                        <slim:subfield code="d">6999</slim:subfield>
                    </slim:datafield>
                    <slim:datafield tag="041" ind1=" " ind2=" ">
                        <slim:subfield code="a">rus</slim:subfield>
                    </slim:datafield>
                    <slim:datafield tag="082" ind1="7" ind2="4">
                        <slim:subfield code="a">570</slim:subfield>
                        <slim:subfield code="q">DE-600</slim:subfield>
                        <slim:subfield code="2">22sdnb</slim:subfield>
                    </slim:datafield>
                    <slim:datafield tag="084" ind1=" " ind2=" ">
                        <slim:subfield code="a">570</slim:subfield>
                        <slim:subfield code="q">DE-600</slim:subfield>
                        <slim:subfield code="2">sdnb</slim:subfield>
                    </slim:datafield>
                    <slim:datafield tag="110" ind1="2" ind2=" ">
                        <slim:subfield code="0">(DE-588)3057101-7</slim:subfield>
                        <slim:subfield code="0">(DE-101)969545878</slim:subfield>
                        <slim:subfield code="a">Irkutskij Gosudarstvennyj Universitet</slim:subfield>
                        <slim:subfield code="b">Biologo-Poc?vennyj Fakul'tet</slim:subfield>
                        <slim:subfield code="4">aut</slim:subfield>
                    </slim:datafield>
                    <slim:datafield tag="245" ind1="1" ind2="0">
                        <slim:subfield code="a">Trudy Biologo-Poc?vennogo Fakul'teta, Irkutskij Gosudarstvennyj Universitet</slim:subfield>
                        <slim:subfield code="b">= Proceedings of the Biology and Soil Department, Irkutsk State University</slim:subfield>
                    </slim:datafield>
                    <slim:datafield tag="260" ind1="3" ind2=" ">
                        <slim:subfield code="a">Irkutsk</slim:subfield>
                        <slim:subfield code="b">[s.n.]</slim:subfield>
                    </slim:datafield>
                    <slim:datafield tag="362" ind1="0" ind2=" ">
                        <slim:subfield code="a">Nachgewiesen 2.2000 -</slim:subfield>
                    </slim:datafield>
                    <slim:datafield tag="546" ind1=" " ind2=" ">
                        <slim:subfield code="a">In kyrill. Schr.</slim:subfield>
                    </slim:datafield>
                </slim:record>
            </recordData>
            <recordPosition>5</recordPosition>
        </record>