
        <record>
            <recordSchema>MARC21-xml</recordSchema>
            <recordPacking>xml</recordPacking>
            <recordData>
                <slim:record xmlns:slim="http://www.loc.gov/MARC21/slim" type="Bibliographic">
                    <slim:leader>01520nas a2200421 c 4500</slim:leader>
                    <slim:controlfield tag="001">020620071</slim:controlfield>
                    <slim:controlfield tag="003">DE-101</slim:controlfield>
                    <slim:controlfield tag="005">20131022214809.0</slim:controlfield>
                    <slim:controlfield tag="007">cr||||||||||||</slim:controlfield>
                    <slim:controlfield tag="008">000717c19989999fr u||p|o ||| 0||||0eng c</slim:controlfield>
                    <slim:datafield tag="016" ind1="7" ind2=" ">
                        <slim:subfield code="2">DE-101</slim:subfield>
                        <slim:subfield code="a">020620071</slim:subfield>
                    </slim:datafield>
                    <slim:datafield tag="016" ind1="7" ind2=" ">
                        <slim:subfield code="2">DE-600</slim:subfield>
                        <slim:subfield code="a">2019300-2</slim:subfield>
                    </slim:datafield>
                    <slim:datafield tag="022" ind1=" " ind2=" ">
                        <slim:subfield code="a">1164-5563</slim:subfield>
                    </slim:datafield>
                    <slim:datafield tag="024" ind1="8" ind2=" ">
                        <slim:subfield code="a">ZDB-1-SDJ-9033</slim:subfield>
                    </slim:datafield>
                    <slim:datafield tag="035" ind1=" " ind2=" ">
                        <slim:subfield code="a">(DE-599)ZDB2019300-2</slim:subfield>
                    </slim:datafield>
                    <slim:datafield tag="035" ind1=" " ind2=" ">
                        <slim:subfield code="a">(OCoLC)243590499</slim:subfield>
                    </slim:datafield>
                    <slim:datafield tag="040" ind1=" " ind2=" ">
                        <slim:subfield code="a">6999</slim:subfield>
                        <slim:subfield code="b">ger</slim:subfield>
                        <slim:subfield code="c">DE-101</slim:subfield>
                        <slim:subfield code="d">9999</slim:subfield>
                    </slim:datafield>
                    <slim:datafield tag="041" ind1=" " ind2=" ">
                        <slim:subfield code="a">eng</slim:subfield>
                    </slim:datafield>
                    <slim:datafield tag="044" ind1=" " ind2=" ">
                        <slim:subfield code="c">XA-FR</slim:subfield>
                    </slim:datafield>
                    <slim:datafield tag="082" ind1="7" ind2="4">
                        <slim:subfield code="a">570</slim:subfield>
                        <slim:subfield code="q">DE-600</slim:subfield>
                        <slim:subfield code="2">22sdnb</slim:subfield>
                    </slim:datafield>
                    <slim:datafield tag="084" ind1=" " ind2=" ">
                        <slim:subfield code="a">570</slim:subfield>
                        <slim:subfield code="q">DE-600</slim:subfield>
                        <slim:subfield code="2">sdnb</slim:subfield>
                    </slim:datafield>
                    <slim:datafield tag="090" ind1=" " ind2=" ">
                        <slim:subfield code="n">nl</slim:subfield>
                    </slim:datafield>
                    <slim:datafield tag="210" ind1="1" ind2="0">
                        <slim:subfield code="a">Eur. J. Soil Biol.</slim:subfield>
                    </slim:datafield>
                    <slim:datafield tag="245" ind1="1" ind2="0">
                        <slim:subfield code="a">European journal of soil biology</slim:subfield>
                        <slim:subfield code="h">Elektronische Ressource</slim:subfield>
                    </slim:datafield>
                    <slim:datafield tag="247" ind1="0" ind2="0">
                        <slim:subfield code="g">Gesehen am 02.05.07</slim:subfield>
                    </slim:datafield>
                    <slim:datafield tag="260" ind1="3" ind2=" ">
                        <slim:subfield code="a">Paris</slim:subfield>
                        <slim:subfield code="b">Elsevier</slim:subfield>
                    </slim:datafield>
                    <slim:datafield tag="300" ind1=" " ind2=" ">
                        <slim:subfield code="a">Online-Ressource</slim:subfield>
                    </slim:datafield>
                    <slim:datafield tag="362" ind1="0" ind2=" ">
                        <slim:subfield code="a">Nachgewiesen 34.1998 -</slim:subfield>
                    </slim:datafield>
                    <slim:datafield tag="650" ind1=" " ind2="7">
                        <slim:subfield code="0">(DE-588)4007358-0</slim:subfield>
                        <slim:subfield code="0">(DE-101)040073580</slim:subfield>
                        <slim:subfield code="a">Bodenbiologie</slim:subfield>
                        <slim:subfield code="2">gnd</slim:subfield>
                    </slim:datafield>
                    <slim:datafield tag="650" ind1=" " ind2="7">
                        <slim:subfield code="0">(DE-588)4067488-5</slim:subfield>
                        <slim:subfield code="0">(DE-101)040674886</slim:subfield>
                        <slim:subfield code="a">Zeitschrift</slim:subfield>
                        <slim:subfield code="2">gnd</slim:subfield>
                    </slim:datafield>
                    <slim:datafield tag="689" ind1="0" ind2="0">
                        <slim:subfield code="0">(DE-588)4007358-0</slim:subfield>
                        <slim:subfield code="0">(DE-101)040073580</slim:subfield>
                        <slim:subfield code="D">s</slim:subfield>
                        <slim:subfield code="a">Bodenbiologie</slim:subfield>
                    </slim:datafield>
                    <slim:datafield tag="689" ind1="0" ind2="1">
                        <slim:subfield code="0">(DE-588)4067488-5</slim:subfield>
                        <slim:subfield code="0">(DE-101)040674886</slim:subfield>
                        <slim:subfield code="D">s</slim:subfield>
                        <slim:subfield code="a">Zeitschrift</slim:subfield>
                    </slim:datafield>
                    <slim:datafield tag="689" ind1="0" ind2=" ">
                        <slim:subfield code="5">DE-600</slim:subfield>
                        <slim:subfield code="5">DE-600</slim:subfield>
                    </slim:datafield>
                    <slim:datafield tag="775" ind1="0" ind2="8">
                        <slim:subfield code="i">Druckausg.</slim:subfield>
                        <slim:subfield code="t">European journal of soil biology</slim:subfield>
                        <slim:subfield code="w">(DE-600)1150007-4</slim:subfield>
                        <slim:subfield code="w">(DE-101)016785428</slim:subfield>
                    </slim:datafield>
                    <slim:datafield tag="856" ind1="4" ind2=" ">
                        <slim:subfield code="u">http://www.bibliothek.uni-regensburg.de/ezeit/?2019300</slim:subfield>
                        <slim:subfield code="x">EZB</slim:subfield>
                    </slim:datafield>
                    <slim:datafield tag="856" ind1="4" ind2=" ">
                        <slim:subfield code="u">http://www.sciencedirect.com/science/journal/11645563</slim:subfield>
                        <slim:subfield code="x">Verlag; 34.1998 -</slim:subfield>
                    </slim:datafield>
                    <slim:datafield tag="856" ind1="4" ind2=" ">
                        <slim:subfield code="u">http://www.sciencedirect.com/science/journal/11645563</slim:subfield>
                        <slim:subfield code="x">Verlag; 34.1998 - 2002</slim:subfield>
                        <slim:subfield code="z">Deutschlandweit zuga¨nglich</slim:subfield>
                    </slim:datafield>
                    <slim:datafield tag="912" ind1=" " ind2=" ">
                        <slim:subfield code="a">ZDB-1-SDJ</slim:subfield>
                    </slim:datafield>
                </slim:record>
            </recordData>
            <recordPosition>6</recordPosition>
        </record>