
        <record>
            <recordSchema>MARC21-xml</recordSchema>
            <recordPacking>xml</recordPacking>
            <recordData>
                <slim:record xmlns:slim="http://www.loc.gov/MARC21/slim" type="Bibliographic">
                    <slim:leader>01198nas a2200349 c 4500</slim:leader>
                    <slim:controlfield tag="001">016785428</slim:controlfield>
                    <slim:controlfield tag="003">DE-101</slim:controlfield>
                    <slim:controlfield tag="005">20111108110353.0</slim:controlfield>
                    <slim:controlfield tag="007">tu</slim:controlfield>
                    <slim:controlfield tag="008">991121c19939999fr u||p|  ||| 0||||0||| c</slim:controlfield>
                    <slim:datafield tag="016" ind1="7" ind2=" ">
                        <slim:subfield code="2">DE-101</slim:subfield>
                        <slim:subfield code="a">016785428</slim:subfield>
                    </slim:datafield>
                    <slim:datafield tag="016" ind1="7" ind2=" ">
                        <slim:subfield code="2">DE-600</slim:subfield>
                        <slim:subfield code="a">1150007-4</slim:subfield>
                    </slim:datafield>
                    <slim:datafield tag="022" ind1=" " ind2=" ">
                        <slim:subfield code="a">1164-5563</slim:subfield>
                    </slim:datafield>
                    <slim:datafield tag="035" ind1=" " ind2=" ">
                        <slim:subfield code="a">(DE-599)ZDB1150007-4</slim:subfield>
                    </slim:datafield>
                    <slim:datafield tag="035" ind1=" " ind2=" ">
                        <slim:subfield code="a">(OCoLC)263608608</slim:subfield>
                    </slim:datafield>
                    <slim:datafield tag="040" ind1=" " ind2=" ">
                        <slim:subfield code="a">9001</slim:subfield>
                        <slim:subfield code="b">ger</slim:subfield>
                        <slim:subfield code="c">DE-101</slim:subfield>
                        <slim:subfield code="d">9001</slim:subfield>
                    </slim:datafield>
                    <slim:datafield tag="044" ind1=" " ind2=" ">
                        <slim:subfield code="c">XA-FR</slim:subfield>
                    </slim:datafield>
                    <slim:datafield tag="082" ind1="7" ind2="4">
                        <slim:subfield code="a">570</slim:subfield>
                        <slim:subfield code="q">DE-600</slim:subfield>
                        <slim:subfield code="2">22sdnb</slim:subfield>
                    </slim:datafield>
                    <slim:datafield tag="084" ind1=" " ind2=" ">
                        <slim:subfield code="a">12</slim:subfield>
                        <slim:subfield code="2">ssgn</slim:subfield>
                    </slim:datafield>
                    <slim:datafield tag="084" ind1=" " ind2=" ">
                        <slim:subfield code="a">570</slim:subfield>
                        <slim:subfield code="q">DE-600</slim:subfield>
                        <slim:subfield code="2">sdnb</slim:subfield>
                    </slim:datafield>
                    <slim:datafield tag="210" ind1="1" ind2="0">
                        <slim:subfield code="a">Eur. J. Soil Biol.</slim:subfield>
                    </slim:datafield>
                    <slim:datafield tag="245" ind1="1" ind2="0">
                        <slim:subfield code="a">European journal of soil biology</slim:subfield>
                    </slim:datafield>
                    <slim:datafield tag="260" ind1="3" ind2=" ">
                        <slim:subfield code="a">Paris</slim:subfield>
                        <slim:subfield code="b">Elsevier</slim:subfield>
                    </slim:datafield>
                    <slim:datafield tag="260" ind1=" " ind2=" ">
                        <slim:subfield code="a">Montrouge</slim:subfield>
                        <slim:subfield code="b">Gauthier-Villars</slim:subfield>
                        <slim:subfield code="c">anfangs</slim:subfield>
                    </slim:datafield>
                    <slim:datafield tag="362" ind1="0" ind2=" ">
                        <slim:subfield code="a">29.1993 -</slim:subfield>
                    </slim:datafield>
                    <slim:datafield tag="650" ind1=" " ind2="7">
                        <slim:subfield code="0">(DE-588)4007358-0</slim:subfield>
                        <slim:subfield code="0">(DE-101)040073580</slim:subfield>
                        <slim:subfield code="a">Bodenbiologie</slim:subfield>
                        <slim:subfield code="2">gnd</slim:subfield>
                    </slim:datafield>
                    <slim:datafield tag="650" ind1=" " ind2="7">
                        <slim:subfield code="0">(DE-588)4067488-5</slim:subfield>
                        <slim:subfield code="0">(DE-101)040674886</slim:subfield>
                        <slim:subfield code="a">Zeitschrift</slim:subfield>
                        <slim:subfield code="2">gnd</slim:subfield>
                    </slim:datafield>
                    <slim:datafield tag="689" ind1="0" ind2="0">
                        <slim:subfield code="0">(DE-588)4007358-0</slim:subfield>
                        <slim:subfield code="0">(DE-101)040073580</slim:subfield>
                        <slim:subfield code="D">s</slim:subfield>
                        <slim:subfield code="a">Bodenbiologie</slim:subfield>
                    </slim:datafield>
                    <slim:datafield tag="689" ind1="0" ind2="1">
                        <slim:subfield code="0">(DE-588)4067488-5</slim:subfield>
                        <slim:subfield code="0">(DE-101)040674886</slim:subfield>
                        <slim:subfield code="D">s</slim:subfield>
                        <slim:subfield code="a">Zeitschrift</slim:subfield>
                    </slim:datafield>
                    <slim:datafield tag="689" ind1="0" ind2=" ">
                        <slim:subfield code="5">DE-600</slim:subfield>
                        <slim:subfield code="5">DE-600</slim:subfield>
                    </slim:datafield>
                    <slim:datafield tag="775" ind1="0" ind2="8">
                        <slim:subfield code="i">Online-Ausg.</slim:subfield>
                        <slim:subfield code="t">European journal of soil biology</slim:subfield>
                        <slim:subfield code="w">(DE-600)2019300-2</slim:subfield>
                        <slim:subfield code="w">(DE-101)020620071</slim:subfield>
                    </slim:datafield>
                    <slim:datafield tag="780" ind1="0" ind2="0">
                        <slim:subfield code="i">Vorg.:</slim:subfield>
                        <slim:subfield code="t">Revue d'e´cologie et de biologie du sol</slim:subfield>
                        <slim:subfield code="w">(DE-600)954135-4</slim:subfield>
                        <slim:subfield code="w">(DE-101)010029222</slim:subfield>
                    </slim:datafield>
                </slim:record>
            </recordData>
            <recordPosition>7</recordPosition>
        </record>