
        <record>
            <recordSchema>MARC21-xml</recordSchema>
            <recordPacking>xml</recordPacking>
            <recordData>
                <slim:record xmlns:slim="http://www.loc.gov/MARC21/slim" type="Bibliographic">
                    <slim:leader>00875nas a2200241 c 4500</slim:leader>
                    <slim:controlfield tag="001">010542396</slim:controlfield>
                    <slim:controlfield tag="003">DE-101</slim:controlfield>
                    <slim:controlfield tag="005">20091019223835.0</slim:controlfield>
                    <slim:controlfield tag="007">tu</slim:controlfield>
                    <slim:controlfield tag="008">991118c19879999hu u||p|  ||| 1||||0||| c</slim:controlfield>
                    <slim:datafield tag="016" ind1="7" ind2=" ">
                        <slim:subfield code="2">DE-101</slim:subfield>
                        <slim:subfield code="a">010542396</slim:subfield>
                    </slim:datafield>
                    <slim:datafield tag="016" ind1="7" ind2=" ">
                        <slim:subfield code="2">DE-600</slim:subfield>
                        <slim:subfield code="a">61253-4</slim:subfield>
                    </slim:datafield>
                    <slim:datafield tag="035" ind1=" " ind2=" ">
                        <slim:subfield code="a">(DE-599)ZDB61253-4</slim:subfield>
                    </slim:datafield>
                    <slim:datafield tag="040" ind1=" " ind2=" ">
                        <slim:subfield code="a">9001</slim:subfield>
                        <slim:subfield code="b">ger</slim:subfield>
                        <slim:subfield code="c">DE-101</slim:subfield>
                        <slim:subfield code="d">9999</slim:subfield>
                    </slim:datafield>
                    <slim:datafield tag="044" ind1=" " ind2=" ">
                        <slim:subfield code="c">XA-HU</slim:subfield>
                    </slim:datafield>
                    <slim:datafield tag="082" ind1="7" ind2="4">
                        <slim:subfield code="a">570</slim:subfield>
                        <slim:subfield code="q">DE-600</slim:subfield>
                        <slim:subfield code="2">22sdnb</slim:subfield>
                    </slim:datafield>
                    <slim:datafield tag="084" ind1=" " ind2=" ">
                        <slim:subfield code="a">570</slim:subfield>
                        <slim:subfield code="q">DE-600</slim:subfield>
                        <slim:subfield code="2">sdnb</slim:subfield>
                    </slim:datafield>
                    <slim:datafield tag="111" ind1="2" ind2=" ">
                        <slim:subfield code="0">(DE-588)291881-X</slim:subfield>
                        <slim:subfield code="0">(DE-101)002918811</slim:subfield>
                        <slim:subfield code="a">International Symposium on Soil Biology and Conservation of the Biosphere</slim:subfield>
                        <slim:subfield code="4">aut</slim:subfield>
                    </slim:datafield>
                    <slim:datafield tag="245" ind1="1" ind2="0">
                        <slim:subfield code="a">Proceedings of the International Symposium on Soil Biology and Conservation of the Biosphere</slim:subfield>
                        <slim:subfield code="c">Hungarian Society of Soil Science</slim:subfield>
                    </slim:datafield>
                    <slim:datafield tag="260" ind1="3" ind2=" ">
                        <slim:subfield code="a">Budapest</slim:subfield>
                        <slim:subfield code="b">Akad. Kiado´</slim:subfield>
                    </slim:datafield>
                    <slim:datafield tag="362" ind1="0" ind2=" ">
                        <slim:subfield code="a">9.1985(1987) -</slim:subfield>
                    </slim:datafield>
                    <slim:datafield tag="591" ind1=" " ind2=" ">
                        <slim:subfield code="a">170389</slim:subfield>
                    </slim:datafield>
                    <slim:datafield tag="780" ind1="0" ind2="0">
                        <slim:subfield code="i">Vorg.:</slim:subfield>
                        <slim:subfield code="t">Soil biology and conservation of the biosphere</slim:subfield>
                        <slim:subfield code="w">(DE-600)254595-0</slim:subfield>
                        <slim:subfield code="w">(DE-101)01153639X</slim:subfield>
                    </slim:datafield>
                </slim:record>
            </recordData>
            <recordPosition>9</recordPosition>
        </record>